@misc{mozilla,
  title={Uma visão geral do HTTP},
  author={Mozilla},
  howpublished = "\url{https://developer.mozilla.org/pt-BR/docs/Web/HTTP/Overview}",
  year={2022},
  note = "[Online; acessado em 04 de fevereiro]"
}

@misc{wireshark,
  title={Wireshark Docs},
  author={Wireshark},
  howpublished = "\url{https://www.wireshark.org/docs}",
  year={2022},
  note = "[Online; acessado em 04 de fevereiro]"
}

@misc{gitbook,
  title={Three-Way Handshake},
  author={Gitbook},
  howpublished = "\url{https://gitbook.ganeshicmc.com/redes/three-way-handshake}",
  year={2022},
  note = "[Online; acessado em 05 de fevereiro]"
}

@misc{tecmundo,
  title={O que é TCP/IP},
  author={Tecmundo},
  howpublished = "\url{https://www.tecmundo.com.br/o-que-e/780-o-que-e-tcp-ip-.htm}",
  year={2022},
  note = "[Online; acessado em 04 de fevereiro]"
}

@misc{linuxhint,
  title={UDP Wireshark Analysis},
  author={linuxhint},
  howpublished = "\url{https://linuxhint.com/udp_wireshark_analysis}",
  year={2022},
  note = "[Online; acessado em 05 de fevereiro]"
}
