@misc{prtg,
  title={PRTG Network Monitor v21},
  author={Paessler},
  howpublished = "\url{https://www.br.paessler.com/prtg}",
  year={2021},
  note = "[Online; acessado em 19 de dezembro]"
}

@misc{wireshark,
  title={Wireshark Docs},
  author={Wireshark},
  howpublished = "\url{https://www.wireshark.org/docs}",
  year={2021},
  note = "[Online; acessado em 20 de dezembro]"
}
