@article{pethi,
  title={Approaches and Issues of Cloud Computing Technology: A Review},
  author={A. M. R. N. V. B. Pethiyagoda and B. Hettige},
  url={https://www.researchgate.net/publication/353012693_Approaches_and_Issues_of_Cloud_Computing_Technology_A_Review},
  year={2021},
  publisher={ResearchGate},
 }

@article{prasad,
  author={Prasad, Shitala and Peddoju, Sateesh K. and Ghosh, Debashis},
  journal={IEEE Potentials}, 
  title={Agriculture as a service}, 
  year={2021},
  volume={40},
  number={6},
  pages={34-43},
  doi={10.1109/MPOT.2015.2496327}
}

@article{randa,
  author={Alkhatib, Ahmad and Al Sabbagh, Abeer and Maraqa, Randa},
  booktitle={2021 International Conference on Information Technology (ICIT)}, 
  title={Pubic Cloud Computing: Big Three Vendors}, 
  year={2021},
  pages={230-237},
  doi={10.1109/ICIT52682.2021.9491680}
}

@article{guptha,
  author={Guptha, Ashwin and Murali, Harshaan and T, Subbulakshmi},
  booktitle={2021 5th International Conference on Intelligent Computing and Control Systems (ICICCS)}, 
  title={A Comparative Analysis of Security Services in Major Cloud Service Providers}, 
  year={2021},
  pages={129-136},
  doi={10.1109/ICICCS51141.2021.9432189}
}

@article{rani,
  author={Rani, Meena and Guleria, Kalpna and Panda, Surya Narayan},
  booktitle={2021 9th International Conference on Reliability, Infocom Technologies and Optimization (Trends and Future Directions) (ICRITO)},
  title={Cloud Computing An Empowering Technology: Architecture, Applications and Challenges},
  year={2021},
  pages={1-6},
  doi={10.1109/ICRITO51393.2021.9596259}
}

@article{bamasoud,
  author={Bamasoud, Doaa M. and Al-Dossary, Atheer Salem and Al-Harthy, Nouf Mubarak and Al-Shomrany, Rudaina Abdullah and Alghamdi, Ghaida Saeed and Algahmdi, Rawan Othman},
  booktitle={2021 International Conference on Information Technology (ICIT)}, 
  title={Privacy and Security Issues in Cloud Computing: A Survey Paper},
  year={2021},
  pages={387-392},
  doi={10.1109/ICIT52682.2021.9491632}
}

@article{loos,
  title={A importância da computação em nuvem para a indústria 4.0},
  author={Maurício Loos e Antonio Carlos Menezes Paz},
  url={https://www.researchgate.net/publication/346985436_A_importancia_da_computacao_em_nuvem_para_a_industria_40},
  year={2020},
  publisher={ResearchGate},
  journal={Revista Gestão Industrial}
}

@article{oliveira,
  author={Carlos Oliveira et al.},
  year={2020},
  title={Computação em nuvem},
  publisher={ResearchGate},
  journal={Journal of the Brazilian Computer Society}
}

@article{zhang,
  author={Zhang, Yongmin and Lan, Xiaolong and Ren, Ju and Cai, Lin},
  journal={IEEE/ACM Transactions on Networking}, 
  title={Efficient Computing Resource Sharing for Mobile Edge-Cloud Computing Networks}, 
  year={2020},
  volume={28},
  number={3},
  pages={1227-1240},
  doi={10.1109/TNET.2020.2979807}
}

@article{donno,
  author={De Donno, Michele and Tange, Koen and Dragoni, Nicola},
  journal={IEEE Access}, 
  title={Foundations and Evolution of Modern Computing Paradigms: Cloud, IoT, Edge, and Fog}, 
  year={2019},
  volume={7},
  pages={150936-150948},
  doi={10.1109/ACCESS.2019.2947652}
}

@article{ben,
  author={Benkhelifa, Elhadj and Bani Hani, Anoud and Welsh, Thomas and Mthunzi, Siyakha and Ghedira Guegan, Chirine},
  journal={IEEE Access}, 
  title={Virtual Environments Testing as a Cloud Service: A Methodology for Protecting and Securing Virtual Infrastructures}, 
  year={2019},
  volume={7},
  pages={108660-108676},
  doi={10.1109/ACCESS.2019.2912957}
}
